@misc{Arbres,
	author = {Luc Maranget},
	title = {Arbres binaires},
	howpublished = "\url{http://www.enseignement.polytechnique.fr/profs/informatique/Luc.Maranget/421/poly/arbre-bin.html}"
}